@misc{yummly,
  title = {Yummly},
  howpublished = {\url{https://www.yummly.co.uk/}},
  note = {Accessed: 2020-03-10}
}

@misc{kaggle,
  title = {"What's Cooking" a Kaggle competition},
  howpublished = {\url{https://www.kaggle.com/c/whats-cooking}},
  note = {Accessed: 2020-03-10}
}

@misc{unidecode,
  title = {Unidecode, a python library},
  howpublished = {\url{https://pypi.org/project/Unidecode/}},
  note = {Accessed: 2020-03-10}
}

@misc{NLTK,
  title = {Natural Language Toolkit, a python library},
  howpublished = {\url{https://www.nltk.org/}},
  note = {Accessed: 2020-03-10}
}

@misc{word2vec,
    title={Distributed Representations of Words and Phrases and their Compositionality},
    author={Tomas Mikolov and Ilya Sutskever and Kai Chen and Greg Corrado and Jeffrey Dean},
    year={2013},
    eprint={1310.4546},
    archivePrefix={arXiv},
    primaryClass={cs.CL}
}

@inproceedings{Doc2Vec,
author = {Le, Quoc and Mikolov, Tomas},
title = {Distributed Representations of Sentences and Documents},
year = {2014},
publisher = {JMLR.org},
booktitle = {Proceedings of the 31st International Conference on International Conference on Machine Learning - Volume 32},
pages = {II–1188–II–1196},
numpages = {9},
location = {Beijing, China},
series = {ICML’14}
}


@misc{gensim,
  title = {gensim, a python library},
  howpublished = {\url{https://radimrehurek.com/gensim/}},
  note = {Accessed: 2020-03-10}
}

@misc{scikit-learn,
  title = {scikit-learn, a python library},
  howpublished = {\url{https://scikit-learn.org/stable/index.html}},
  note = {Accessed: 2020-03-10}
}

@article{OvO,
author = {Knerr, S. and Personnaz, L. and Dreyfus, Gérard},
year = {1990},
month = {01},
pages = {},
title = {Single-layer learning revisited: A stepwise procedure for building and training a neural network},
volume = {1},
journal = {Neurocomputing: Algorithms, Architectures and applications},
doi = {10.1007/978-3-642-76153-9_5}
}


@article{BDTSVM,
author = {Madzarov, Gjorgji and Gjorgjevikj, Dejan and Chorbev, Ivan},
year = {2009},
month = {01},
pages = {225-233},
title = {A Multi-class SVM Classifier Utilizing Binary Decision Tree.},
volume = {33},
journal = {Informatica (Slovenia)}
}

@ARTICLE{TSVM,
author={ {Jayadeva} and R. {Khemchandani} and S. {Chandra}},
journal={IEEE Transactions on Pattern Analysis and Machine Intelligence},
title={Twin Support Vector Machines for Pattern Classification},
year={2007},
volume={29},
number={5},
pages={905-910},
keywords={eigenvalues and eigenfunctions;pattern classification;support vector machines;pattern classification;support vector machines;generalized eigenvalues;machine learning;Support vector machines;Support vector machine classification;Pattern classification;Eigenvalues and eigenfunctions;Machine learning;Statistical learning;Constraint optimization;Quadratic programming;Kernel;Support vector machines;pattern classification;machine learning;generalized eigenvalues;eigenvalues;eigenvectors.;Algorithms;Artificial Intelligence;Cluster Analysis;Image Enhancement;Image Interpretation, Computer-Assisted;Information Storage and Retrieval;Pattern Recognition, Automated},
doi={10.1109/TPAMI.2007.1068},
ISSN={1939-3539},
month={May},}

@article{LTSVM,
    title     = {LightTwinSVM: A Simple and Fast Implementation of Standard Twin Support Vector Machine Classifier},
    author    = {Mir, Amir M. and Nasiri, Jalal A.},
    journal   = {Journal of Open Source Software},
    volume    = {4},
    issue     = {35},
    pages     = {1252},
    year      = {2019},
    doi       = {10.21105/joss.01252},
    url       = {https://doi.org/10.21105/joss.01252}
}

@article{autorecipe,
author = {Su, Han and Lin, Ting-Wei and Li, C.-T and Shan, Man-Kwan and Chang, Janet},
year = {2014},
month = {09},
pages = {565-570},
title = {Automatic recipe cuisine classification by ingredients},
journal = {UbiComp 2014 - Adjunct Proceedings of the 2014 ACM International Joint Conference on Pervasive and Ubiquitous Computing},
doi = {10.1145/2638728.2641335}
}

@INPROCEEDINGS{KaggleRecipe,
author={S. {Kalajdziski} and G. {Radevski} and I. {Ivanoska} and K. {Trivodaliev} and B. R. {Stojkoska}},
booktitle={2018 41st International Convention on Information and Communication Technology, Electronics and Microelectronics (MIPRO)},
title={Cuisine classification using recipe's ingredients},
year={2018},
volume={},
number={},
pages={1074-1079},
keywords={learning (artificial intelligence);pattern classification;recommender systems;cuisine classification;different machine learning algorithms;recipe ingredients;recipe classification;cuisine identification;Support vector machines;Training;Task analysis;Oils;Tagging;Neural networks;Text categorization;cuisine classification;recipe ingredients;preprocessing;POS tagging;Levenshtein distance;support vector machines;neural networks},
doi={10.23919/MIPRO.2018.8400196},
ISSN={null},
month={May},}

@article{crammer,
author = {Crammer, Koby and Singer, Yoram},
year = {2001},
month = {07},
pages = {},
title = {On the Learnability and Design of Output Codes for Multiclass Problems},
volume = {47},
journal = {Machine Learning},
doi = {10.1023/A:1013637720281}
}